@book {Interrupts,
    title = {Linux Device Drivers},
    author = {Jonathan Corbet, Alessandro Rubini, Greg Kroah-Hartman},
    publisher = {O'Reilly Media},
    edition = {3},
    chapter = {Chapter 10. Interrupt Handling},
    year = {2005}
}

@online {Usb_driver,
    title = {Writing USB Device Drivers},
    url = {https://kernel.readthedocs.io/en/sphinx-samples/writing_usb_driver.html},
    urldate = {18.12.2020}
}

@online {Tasklets,
    title = {tasklet\_struct},
    url = {https://elixir.bootlin.com/linux/latest/source/include/linux/interrupt.h#L609},
    urldate = {18.12.2020}
}

@online {WorkQueue,
    title = {workqueue.h},
    url = {https://elixir.bootlin.com/linux/latest/source/include/linux/workqueue.h#L102},
    urldate = {18.12.2020}
}

@online {Input_dev,
    title = {input\_dev},
    url = {https://elixir.bootlin.com/linux/v5.10.1/source/include/linux/input.h#L131},
    urldate = {18.12.2020}
}

@Book {Subsystem,
    title = {The design of touch screen driver based on Linux input subsystem and S3C6410 platform},
    author = {Liangfeng Fu, Linbo Xie, Zhigang Zhou},
    publisher = {International Conference on Information Science and Technology Application (ICISTA-13)},
    year = {2013}
}

@online {Setbit,
    title = {set\_bit},
    url = {https://www.kernel.org/doc/htmldocs/kernel-api/API-set-bit.html},
    urldate = {18.12.2020}
}

@online {EVkey,
    title = {EV\_KEY},
    url = {https://elixir.bootlin.com/linux/latest/source/include/uapi/linux/input-event-codes.h#L39},
    urldate = {18.12.2020}
}

@online {Input_report_key,
    title = {input\_report\_key},
    url = {https://elixir.bootlin.com/linux/latest/source/include/linux/input.h#L415},
    urldate = {18.12.2020}
}
